
@article {phonopy,
     Journal = {Scr. Mater.},
     Year = {2015},
     Title = {First principles phonon calculations in materials science},
     Author = {Togo, A and Tanaka, I},
     Pages = {1--5},
     Volume = {108},
     Month = {Nov}
}

@misc{parshall, title={Simulating Neutron And X-ray Scans}, url={https://github.com/danparshall/snaxs}, journal={GitHub}, author={Parshall, Dan}}

@book{squires,
  title={Introduction to the theory of thermal neutron scattering},
  author={Squires, Gordon Leslie},
  year={1996},
  publisher={Courier Corporation}
}

