
@book{dove1993introduction,
  title={Introduction to lattice dynamics},
  author={Dove, Martin T and Dove, Martin T},
  number={4},
  year={1993},
  publisher={Cambridge university press}
}

@article{brown2006intensity,
  title={Intensity of diffracted intensities},
  author={Brown, PJ and Fox, AG and Maslen, EN and O'keefe, MA and Willis, BTM},
  year={2006},
  publisher={Wiley Online Library}
}

@article{hazemann2005high,
  title={High-resolution neutron protein crystallography with radically small crystal volumes: application of perdeuteration to human aldose reductase},
  author={Hazemann, I and Dauvergne, MT and Blakeley, MP and Meilleur, Flora and Haertlein, M and Van Dorsselaer, A and Mitschler, A and Myles, Dean AA and Podjarny, A},
  journal={Acta Crystallographica Section D: Biological Crystallography},
  volume={61},
  number={10},
  pages={1413--1417},
  year={2005},
  publisher={International Union of Crystallography}
}

@book{squires1996introduction,
  title={Introduction to the theory of thermal neutron scattering},
  author={Squires, Gordon Leslie},
  year={1996},
  publisher={Courier Corporation}
}

@article{harrelson2021computing,
  title={Computing inelastic neutron scattering spectra from molecular dynamics trajectories},
  author={Harrelson, Thomas F and Dettmann, Makena and Scherer, Christoph and Andrienko, Denis and Moul{\'e}, Adam J and Faller, Roland},
  journal={Scientific reports},
  volume={11},
  number={1},
  pages={1--12},
  year={2021},
 publisher={Nature Publishing Group}
}

@article{zushi2015effect,
  title={Effect of a SiO 2 layer on the thermal transport properties of< 100> Si nanowires: A molecular dynamics study},
  author={Zushi, Tomofumi and Ohmori, Kenji and Yamada, Keisaku and Watanabe, Takanobu},
  journal={Physical Review B},
  volume={91},
  number={11},
  pages={115308},
  year={2015},
  publisher={APS}
}

@article{xiong2017native,
  title={Native surface oxide turns alloyed silicon membranes into nanophononic metamaterials with ultralow thermal conductivity},
  author={Xiong, Shiyun and Selli, Daniele and Neogi, Sanghamitra and Donadio, Davide},
  journal={Physical Review B},
  volume={95},
  number={18},
  pages={180301},
  year={2017},
  publisher={APS}
}

@article{morganRmcdiscordReverseMonte2021,
  title = {Rmc-Discord: Reverse {{Monte Carlo}} Refinement of Diffuse Scattering and Correlated Disorder from Single Crystals},
  shorttitle = {Rmc-Discord},
  author = {Morgan, Z. J. and Zhou, H. D. and Chakoumakos, B. C. and Ye, F.},
  year = {2021},
  month = dec,
  journal = {Journal of Applied Crystallography},
  volume = {54},
  number = {6},
  pages = {1867--1885},
  publisher = {{International Union of Crystallography}},
  issn = {1600-5767},
  doi = {10.1107/S1600576721010141},
  langid = {english}
}

@book{allen2017computer,
  title={Computer simulation of liquids},
  author={Allen, Michael P and Tildesley, Dominic J},
  year={2017},
  publisher={Oxford university press}
}

@article{van1954correlations,
  title={Correlations in space and time and Born approximation scattering in systems of interacting particles},
  author={Van Hove, L{\'e}on},
  journal={Physical Review},
  volume={95},
  number={1},
  pages={249},
  year={1954},
  publisher={APS}
}
